@book{rudin1976principles,
  title={Principles of Mathematical Analysis},
  author={Rudin, Walter},
  year={1976},
  publisher={McGraw-Hill},
  edition={3rd}
}

@book{dummit2004abstract,
  title={Abstract Algebra},
  author={Dummit, David S and Foote, Richard M},
  year={2004},
  publisher={John Wiley \& Sons},
  edition={3rd}
}

@book{strang2016introduction,
  title={Introduction to Linear Algebra},
  author={Strang, Gilbert},
  year={2016},
  publisher={Wellesley-Cambridge Press},
  edition={5th}
}

@book{spivak2008calculus,
  title={Calculus},
  author={Spivak, Michael},
  year={2008},
  publisher={Publish or Perish},
  edition={4th}
}

@book{ross2014first,
  title={A First Course in Probability},
  author={Ross, Sheldon M},
  year={2014},
  publisher={Pearson},
  edition={9th}
}

@book{rosen2019discrete,
  title={Discrete Mathematics and Its Applications},
  author={Rosen, Kenneth H},
  year={2019},
  publisher={McGraw-Hill},
  edition={8th}
}

@book{axler2015linear,
  title={Linear Algebra Done Right},
  author={Axler, Sheldon},
  year={2015},
  publisher={Springer},
  edition={3rd}
}

@book{apostol1974mathematical,
  title={Mathematical Analysis},
  author={Apostol, Tom M},
  year={1974},
  publisher={Addison-Wesley},
  edition={2nd}
}

@book{hartshorne2000geometry,
  title={Geometry: Euclid and Beyond},
  author={Hartshorne, Robin},
  year={2000},
  publisher={Springer}
}

@book{billingsley2012probability,
  title={Probability and Measure},
  author={Billingsley, Patrick},
  year={2012},
  publisher={John Wiley \& Sons},
  edition={3rd}
}
